%% This BibTeX bibliography file was created using BibDesk.
%% http://bibdesk.sourceforge.net/


%% Created for Lauro Cesar Araujo at 2013-01-14 23:15:37 -0200 
%% modified by machnievscz at 2013-01-22: changed Equipe abnTeX2 by abnTeX2

%% Saved with string encoding Unicode (UTF-8) 

@book{ackermann2005wind,
  title={Wind power in power systems},
  author={Ackermann, Thomas},
  year={2005},
  publisher={John Wiley \& Sons}
}

@book{abad2011doubly,
  title={Doubly fed induction machine: modeling and control for wind energy generation},
  author={Abad, Gonzalo and Lopez, Jesus and Rodr{\'\i}guez, Miguel and Marroyo, Luis and Iwanski, Grzegorz},
  volume={85},
  year={2011},
  publisher={John Wiley \& Sons}
}

@inproceedings{abed2013low,
  title={Low Voltage Ride-Through protection techniques for DFIG wind generator},
  author={Abed, Nagy Y and Kabsha, MM and Abdlsalam, Gabr M},
  booktitle={Power and Energy Society General Meeting (PES), 2013 IEEE},
  pages={1--6},
  year={2013},
  organization={IEEE}
}

@misc{ewea2009,
  author={EWEA},
  year={2009},
  publisher={european wind energy association},
  url={http://http:www.ewea.org/publications/reports/the-economics-of-wind-energy/}
}

@inproceedings{GEenergy,
  title={Modeling of GE wind turbine-generators for grid studies},
  author={Clark, K and Miller, NW and Gasca, JJS},
  publisher={Geneeal Electric Internetional, Inc.},
  year={2010}
}

@book{Burton2005,
  title={Wind Energy Handbook},
  author={Burton, Tony and Sharpe, David and Jenkins, Nick and Bossanyi, Ervin},
  year={2001},
  publisher={John Wiley \& Sons}
}

@inproceedings{polinder2007,
  title={10 MW Wind turbine direct-drive generator design with pitch or active speed stall control},
  author={Polinder, H and Bang, DJ and van Rooij, RPJOM and McDonald, AS and Mueller, MA},
  booktitle={International electric machines and drives conference IEMDC'07},
  year={2007},
  organization={IEEE}
}

@article{muljadi2001pitch,
  title={Pitch-controlled variable-speed wind turbine generation},
  author={Muljadi, Eduard and Butterfield, Charles P},
  journal={Industry Applications, IEEE Transactions on},
  volume={37},
  number={1},
  pages={240--246},
  year={2001},
  publisher={IEEE}
}

@book{wu2011power,
  title={Power Conversion and Control of Wind Energy Systems},
  author={Wu, B. and Lang, Y. and Zargari, N. and Kouro, S.},
  year={2011},
  publisher={Wiley}
}

@book{eremia2013handbook,
  title={Handbook of Electrical Power System Dynamics: Modeling, Stability, and Control},
  author={Eremia, M. and Shahidehpour, M.},
  year={2013},
  publisher={Wiley}
}


@misc{ABB2012,
  title={ABB Standard alip ring generator for double fed conept from 1.5-3.6 MW},
  author={ABB},
  year={2014},
  publisher={ABB motors and \& Generators},
  url={http://new.abb.com/motors-generators/generators/generators-for-wind-turbines/doubly-fed-generators}
}


@book{ali2012wind,
  title={Wind Energy Systems: Solutions for Power Quality and Stabilization},
  author={Ali, M.H.},
  series={Electrical engineering},
  year={2012},
  publisher={Taylor \& Francis}
}

@book{barbi1985,
  title={Teoria Fundamental do Motor de Indução},
  author={Barbi, I.},
  year={1985},
  publisher={Editora UFC/Eletrobrás}
}

@phdthesis{matakasimplementaccao,
  title={Implementa{\c{c}}{\~a}o de controladores para conversores trif{\'a}sicos, 
	sem transforma{\c{c}}{\~o}es de coordenadas: an{\'a}lise geom{\'e}trica atrav{\'e}s de vetores espaciais.},
  author={Matakas Junior, Louren{\c{c}}o},
  year={2012},
  school={Universidade de S{\~a}o Paulo}
}

@phdthesis{salles2009modelagem,
  title={Modelagem e an{\'a}lises de geradores e{\'o}licos de velocidade vari{\'a}vel conectados em sistemas de energia el{\'e}trica.},
  author={Salles, Maur{\'\i}cio Barbosa de Camargo},
  year={2009},
  school={Universidade de S{\~a}o Paulo}
}

@inproceedings{queval2012back,
  title={Back-to-back converter design and control for synchronous generator-based wind turbines},
  author={Qu{\'e}val, Lo{\"\i}c and Ohsaki, Hiroyuki},
  booktitle={Renewable Energy Research and Applications (ICRERA), 2012 International Conference on},
  pages={1--6},
  year={2012},
  organization={IEEE}
}

@inproceedings{saleh2014impacts,
  title={Impacts of grounding configurations on responses of ground protective relays for DFIG-based WECSs},
  author={Saleh, SA and Aljankawey, AS and Meng, R and Diduch, CP and Chang, L and Meng, J},
  booktitle={Industrial \& Commercial Power Systems Tehcnical Conference (I\&CPS), 2014 IEEE/IAS 50th},
  pages={1--8},
  year={2014},
  organization={IEEE}
}


@article{mansouri2016internal,
  title={Internal electrical protection of wind turbine with doubly fed induction generator},
  author={Mansouri, M Mahdi and Nayeripour, Majid and Negnevitsky, Michael},
  journal={Renewable and Sustainable Energy Reviews},
  volume={55},
  pages={840--855},
  year={2016},
  publisher={Elsevier}
}

@book{kawady2010wind,
  title={Wind farm protection systems: state of the art and challenges},
  author={Kawady, Tamer A and Taalab, Abdel-Maksoud I and Mansour, Naema M},
  year={2010},
  publisher={INTECH Open Access Publisher}
}


@misc{mardegan2012proteccao,
  title={Prote{\c{c}}{\~a}o e seletividade em sistemas el{\'e}tricos industriais},
  author={Mardegan, Cl{\'a}udio},
  year={2012},
  publisher={S{\~a}o Paulo: Atitude Editorial Ltda}
}
%ref abaixo são do fusco
@misc{folha2018ml,
  author={Reginaldo Medeiros},
  year={2018},
  publisher={Folha de S.Paulo},
  url={https://www1.folha.uol.com.br/opiniao/2018/08/os-20-anos-do-mercado-livre-de-energia.shtml}
}

@misc{ccee2018,
  author={CCEE},
  year={2018},
  publisher={Câmara de Comercialização de Energia Elétrica},
  url={https://www.ccee.org.br/portal/faces/pages_publico/o-que-fazemos/como_ccee_atua/precos/preco_sombra}
}

@misc{pjmEnergyMarket,
  author={PJM},
  year={s.d.},
  publisher={PJM Interconnection LLC},
  url={https://www.pjm.com/markets-and-operations/energy.aspx}
}

@misc{fercPJM,
  author={FERC},
  year={2017},
  publisher={Federal Energy Regulatory Commission},
  url={https://www.ferc.gov/market-oversight/mkt-electric/pjm.asp}
}

@misc{pjm2017report,
  author = {Joe Bowring},
  title = {2017 State of the Market Report for PJM},
  institution = {Monitoring Analytics},
  year = {2018},
  pages = {6}
}

@article{salles2017,
  doi = {10.3390/en10081100},
  url = {https://doi.org/10.3390/en10081100},
  year = {2017},
  month = jul,
  publisher = {{MDPI} {AG}},
  author = {Mauricio Salles and Junling Huang and Michael Aziz and William Hogan},
  title = {Potential Arbitrage Revenue of Energy Storage Systems in {PJM}},
  journal = {Energies}
}

@misc{interface2019pjm,
  author={PJM},
  year={2019},
  publisher={Data Miner 2},
  url={https://dataminer2.pjm.com}
}

@misc{api2019pjm,
  author={PJM},
  year={2019},
  publisher={API Portal},
  url={https://apiportal-train.pjm.com/}
}

@misc{bitbucket,
  author={BITBUCKET},
  year = {2019},
  publisher={Bitbucket.org},
  url={https://bitbucket.org/lffusco/tcc/src/master/}
}

@article{Doughty2010,
  doi = {10.1149/2.f05103if},
  url = {https://doi.org/10.1149/2.f05103if},
  year = {2010},
  publisher = {The Electrochemical Society},
  pages = {49--53},
  author = {Daniel H. Doughty and Paul C. Butler and Abbas A. Akhil and Nancy H. Clark and John D. Boyes},
  title = {Batteries for Large-Scale Stationary Electrical Energy Storage},
  journal = {The Electrochemical Society Interface}
}

@inproceedings{Salles2016,
  doi = {10.1109/pesgm.2016.7741114},
  url = {https://doi.org/10.1109/pesgm.2016.7741114},
  year = {2016},
  month = jul,
  publisher = {{IEEE}},
  author = {M. B. C. Salles and M. J. Aziz and W. W. Hogan},
  title = {Potential arbitrage revenue of energy storage systems in {PJM} during 2014},
  booktitle = {2016 {IEEE} Power and Energy Society General Meeting ({PESGM})}
}

@misc{doe2019,
  author={DOE},
  year = {2019},
  publisher={DOE Global Energy Storage Database},
  url={http://www.energystorageexchange.org/projects}
}

@misc{michigan2018,
  author={Center for Sustainable Systems},
  year = {2018},
  publisher={University of Michigan},
  title={U.S. Grid Energy Storage Factsheet},
  note ={Pub. No. CSS15-17}
}

@article{WHITTINGHAM1976,
  doi = {10.1126/science.192.4244.1126},
  url = {https://doi.org/10.1126/science.192.4244.1126},
  year = {1976},
  month = jun,
  publisher = {American Association for the Advancement of Science ({AAAS})},
  volume = {192},
  number = {4244},
  pages = {1126--1127},
  author = {M. S. WHITTINGHAM},
  title = {Electrical Energy Storage and Intercalation Chemistry},
  journal = {Science}
}

@article{Eftekhari2017,
  doi = {10.1021/acssuschemeng.7b00046},
  url = {https://doi.org/10.1021/acssuschemeng.7b00046},
  year = {2017},
  month = mar,
  publisher = {American Chemical Society ({ACS})},
  volume = {5},
  number = {4},
  pages = {2799--2816},
  author = {Ali Eftekhari},
  title = {Lithium-Ion Batteries with High Rate Capabilities},
  journal = {{ACS} Sustainable Chemistry {\&} Engineering}
}

@article{Wankmller2017,
  doi = {10.1016/j.est.2016.12.004},
  url = {https://doi.org/10.1016/j.est.2016.12.004},
  year = {2017},
  month = apr,
  publisher = {Elsevier {BV}},
  volume = {10},
  pages = {56--66},
  author = {Florian Wankm\"{u}ller and Prakash R. Thimmapuram and Kevin G. Gallagher and Audun Botterud},
  title = {Impact of battery degradation on energy arbitrage revenue of grid-level energy storage},
  journal = {Journal of Energy Storage}
}

@article{Sioshansi2009,
  doi = {10.1016/j.eneco.2008.10.005},
  url = {https://doi.org/10.1016/j.eneco.2008.10.005},
  year = {2009},
  month = mar,
  publisher = {Elsevier {BV}},
  volume = {31},
  number = {2},
  pages = {269--277},
  author = {Ramteen Sioshansi and Paul Denholm and Thomas Jenkin and Jurgen Weiss},
  title = {Estimating the value of electricity storage in {PJM}: Arbitrage and some welfare effects},
  journal = {Energy Economics}
}

%REFERÊNCIAS A SEGUIR SÃO DO TONIM
@misc{Who_we_are,
  author={PJM},
  year={2019},
  publisher={PJM website},
  url={https://pjm.com/about-pjm/who-we-are.aspx},
  urldar = {2019-06-26}
 }
 
 @misc{Zonas,
  author={PJM},
  year={2019},
  publisher={PJM website},
  url={https://pjm.com/-/media/about-pjm/pjm-zones.ashx?la=en},
  urldar = {2019-06-26}
 }
 
  @misc{Malha,
  author={PJM},
  year={2019},
  publisher={PJM website},
  url={https://pjm.com/-/media/library/reports-notices/special-reports/2019/the-benefits-of-the-pjm-transmission-system.ashx?la=en},
  urldar = {2019-06-26}
 }
 
  @misc{Market_benefits,
  author={PJM},
  year={2019},
  publisher={PJM website},
  url={https://pjm.com/-/media/library/reports-notices/special-reports/2019/the-benefits-of-the-pjm-transmission-system.ashx?la=en},
  urldar = {2019-06-26}
 }
 
  @misc{2018_anual_report,
  author={PJM},
  year={2019},
  publisher={PJM website},
  url={https://pjm.com/-/media/about-pjm/newsroom/annual-reports/2018-annual-report.ashx?la=en},
  urldar = {2019-06-26}
 }
 
  @misc{about_PJM,
  author={PJM},
  year={2019},
  publisher={PJM website},
  url={https://pjm.com/-/media/about-pjm/pjm-zones.ashx?la=en},
  urldar = {2019-06-26}
 }
 
  @misc{compliance_PJM,
  author={PJM},
  year={2019},
  publisher={PJM website},
  url={https://learn.pjm.com/pjm-structure/compliance.aspx},
  urldar = {2019-06-26}
 }
 
  @misc{governance_PJM,
  author={PJM},
  year={2019},
  publisher={PJM website},
  url={https://learn.pjm.com/pjm-structure/governance.aspx},
  urldar = {2019-06-26}
 }
 
  @misc{history_PJM,
  author={PJM},
  year={2019},
  publisher={PJM website},
  url={https://pjm.com/about-pjm/who-we-are/pjm-history.aspx},
  urldar = {2019-06-26}
 }
 
  @misc{market_PJM,
  author={PJM},
  year={2019},
  publisher={PJM website},
  url={https://learn.pjm.com/electricity-basics/market-for-electricity.aspx},
  urldar = {2019-06-26}
 }
 
  @misc{LMP_PJM,
  author={PJM},
  year={2019},
  publisher={PJM website},
  url={https://pjm.com/pub/account/lmpgen/lmppost.html},
  urldar = {2019-06-26}
 }
 
  @misc{Operation_PJM,
  author={PJM},
  year={2019},
  publisher={PJM website},
  url={https://www.pjm.com/markets-and-operations.aspx},
  urldar = {2019-06-26}
 }
 
   @misc{LMP_components_PJM,
  author={PJM},
  year={2019},
  publisher={PJM website},
  url={https://www.pjm.com/-/media/training/nerc-certifications/markets-exam-materials/mkt-optimization-wkshp/locational-marginal-pricing-components.ashx?la=en},
  urldar = {2019-06-26}
 }
 
  @misc{OA_Term_PJM,
  author={PJM},
  year={2019},
  publisher={PJM website},
  url={https://www.pjm.com/media/documents/merged-tariffs/oa.pdf},
  urldar = {2019-06-26}
 }
 
@article{Ott2003,
  doi = {10.1109/tpwrs.2003.810698},
  url = {https://doi.org/10.1109/tpwrs.2003.810698},
  year = {2003},
  month = may,
  publisher = {Institute of Electrical and Electronics Engineers ({IEEE})},
  volume = {18},
  number = {2},
  pages = {528--534},
  author = {A.L. Ott},
  title = {Experience with {PJM} market operation,  system design,  and implementation},
  journal = {{IEEE} Transactions on Power Systems}
}

@article{Peterson2010,
  doi = {10.1016/j.jpowsour.2009.10.010},
  url = {https://doi.org/10.1016/j.jpowsour.2009.10.010},
  year = {2010},
  month = apr,
  publisher = {Elsevier {BV}},
  volume = {195},
  number = {8},
  pages = {2385--2392},
  author = {Scott B. Peterson and Jay Apt and J.F. Whitacre},
  title = {Lithium-ion battery cell degradation resulting from realistic vehicle and vehicle-to-grid utilization},
  journal = {Journal of Power Sources}
}